@online{pdb,
author = {Nathan Jennings },
title = {Python Debugging With Pdb},
year = {2022},
url = {https://realpython.com/python-debugging-pdb/},
}
@online{Google,
author = {Google},
title = {Google Python Style Guide},
year = {2022},
url = {https://google.github.io/styleguide/pyguide.html},
}
